@misc{karypis-kumar-1997,
  title  = {{METIS}: A software package for partitioning unstructured graphs, partitioning meshes, and computing fill-reducing orderings of sparse matrices},
  author = {Karypis, George and Kumar, Vipin},
  year   = {1997}
}

@article{bjorck-1994,
  title     = {Numerics of {G}ram-{S}chmidt orthogonalization},
  author    = {Bj{\"o}rck, {\AA}ke},
  journal   = laa,
  volume    = {197},
  pages     = {297--316},
  year      = {1994},
  doi       = {10.1016/0024-3795(94)90493-6},
  publisher = elsevier
}

@article{stewart-2008,
  title     = {Block {G}ram--{S}chmidt orthogonalization},
  author    = {Stewart, GW},
  journal   = sisc,
  volume    = {31},
  number    = {1},
  pages     = {761--775},
  year      = {2008},
  doi       = {10.1137/070682563},
  publisher = siam
}

@article{carson-lund-rozloznik-thomas-2022,
  title     = {Block {G}ram-{S}chmidt algorithms and their stability properties},
  author    = {Carson, Erin and Lund, Kathryn and Rozlo{\v{z}}n{\'\i}k, Miroslav and Thomas, Stephen},
  journal   = laa,
  volume    = {638},
  pages     = {150--195},
  year      = {2022},
  doi       = {10.1016/j.laa.2021.12.017},
  publisher = elsevier
}

@article{gutknecht-schmelzer-2009,
  title     = {The block grade of a block {K}rylov space},
  author    = {Gutknecht, Martin H and Schmelzer, Thomas},
  journal   = laa,
  volume    = {430},
  number    = {1},
  pages     = {174--185},
  year      = {2009},
  doi       = {10.1016/j.laa.2008.07.008},
  publisher = elsevier
}

@book{dolean-jolivet-nataf-2015,
  title     = {An introduction to domain decomposition methods: algorithms, theory, and parallel implementation},
  author    = {Dolean, Victorita and Jolivet, Pierre and Nataf, Fr{\'e}d{\'e}ric},
  year      = {2015},
  doi       = "10.1137/1.9781611974065",
  publisher = siam
}



@incollection{xuemin-li-2009,
  title     = {{BDDC} for Nonsymmetric positive definite and symmetric indefinite problems},
  author    = {Xuemin, Tu and Li, Jing},
  booktitle = {Domain Decomposition Methods in Science and Engineering XVIII},
  pages     = {75--86},
  year      = {2009},
  doi       = {10.1007/978-3-642-02677-5_7},
  publisher = springer
}

@incollection{fletcher-1976,
title     = {Conjugate gradient methods for indefinite systems},
author    = {R. Fletcher},
booktitle = {Numerical Analysis},
pages     = {73--89},
year      = {1976},
doi       = {10.1007/BFb0080116},
publisher = springer
}

@article{elman-2002,
  title     = {Preconditioners for saddle point problems arising in computational fluid dynamics},
  author    = {Elman, Howard C},
  journal   = anm,
  volume    = {43},
  number    = {1-2},
  pages     = {75--89},
  year      = {2002},
  doi       = {10.1016/S0168-9274(02)00118-6},
  publisher = elsevier
}

@Article{freund-nachtigal-1991,
  title     = {{QMR}: a quasi-minimal residual method for non-{H}ermitian linear systems},
  author    = {R. W. Freund and N. M. Nachtigal},
  journal   = nm,
  volume    = {60},
  number    = {1},
  pages     = {315--339},
  year      = {1991},
  publisher = springer,
  doi       = {10.1007/BF01385726}
}

@article{montoison-orban-2020,
  title     = {{BiLQ}: An Iterative Method for Nonsymmetric Linear Systems with a Quasi-Minimum Error Property},
  author    = {Montoison, Alexis and Orban, Dominique},
  journal   = simax,
  volume    = {41},
  number    = {3},
  pages     = {1145--1166},
  year      = {2020},
  doi       = {10.1137/19M1290991},
  publisher = siam
}

@article{saad-wu-1996,
  title     = {{DQGMRES}: A direct quasi-minimal residual algorithm based on incomplete orthogonalization},
  author    = {Saad, Yousef and Wu, Kesheng},
  journal   = nlaa,
  volume    = {3},
  number    = {4},
  pages     = {329--343},
  year      = {1996},
  doi       = {10.1002/(sici)1099-1506(199607/08)3:4<329::aid-nla86>3.0.co;2-8},
  publisher = {Wiley Online Library}
}

@article{duff-scott-2005,
  title     = {Stabilized bordered block diagonal forms for parallel sparse solvers},
  author    = {Duff, Iain S and Scott, Jennifer A},
  journal   = pc,
  volume    = {31},
  number    = {3-4},
  pages     = {275--289},
  year      = {2005},
  doi       = {10.1016/j.parco.2004.12.008},
  publisher = elsevier
}

@article{ferris-horn-1998,
  title     = {Partitioning mathematical programs for parallel solution},
  author    = {Ferris, Michael C and Horn, Jeffrey D},
  journal   = mp,
  volume    = {80},
  number    = {1},
  pages     = {35--61},
  year      = {1998},
  doi       = {10.1007/BF01582130},
  publisher = springer
}

@article{murphy-golub-wathen-2000,
  title     = {A note on preconditioning for indefinite linear systems},
  author    = {M. F. Murphy and G. H. Golub and A. J. Wathen},
  journal   = sisc,
  volume    = {21},
  number    = {6},
  pages     = {1969--1972},
  year      = {2000},
  doi       = {10.1137/S1064827599355153},
  publisher = siam
}

@article{ipsen-2001,
  title     = {A note on preconditioning nonsymmetric matrices},
  author    = {Ipsen, Ilse CF},
  journal   = sisc,
  volume    = {23},
  number    = {3},
  pages     = {1050--1051},
  year      = {2001},
  doi       = {10.1137/S1064827500377435},
  publisher = siam
}

@article{benzi-golub-liesen-2005,
  author     = {Benzi, Michele and Golub, Gene H. and Liesen, JÃ¶rg},
  journal    = acta,
  title      = {Numerical solution of saddle point problems},
  year       = {2005},
  pages      = {1--137},
  volume     = {14},
  doi        = {10.1017/S0962492904000212},
  publisher  = cup
}

@article{van_der_vost-1992,
title      = {{Bi-CGSTAB}: A Fast and Smoothly Converging Variant of {Bi-CG} for the Solution of Nonsymmetric Linear Systems},
author     = {H. A. van der Vorst},
year       = {1992},
volume     = {13},
number     = {2},
pages      = {631--644},
journal    = sissc,
doi        = {10.1137/0913035},
publisher  = siam
}

@article{arnoldi-1951,
  Author  = {Arnoldi, W. E.},
  Journal = qam,
  Doi     = {10.1090/qam/42792},
  Pages   = {17--29},
  Title   = {The principle of minimized iterations in the solution of the matrix eigenvalue problem},
  Volume  = 9,
  Year    = {1951}
}

@article{estrin-greif-2018,
  title   = {{SPMR}: A family of saddle-point minimum residual solvers},
  author  = {Estrin, Ron and Greif, Chen},
  journal = sisc,
  volume  = {40},
  number  = {3},
  pages   = {1884--1914},
  doi     = {10.1137/16M1102410},
  year    = {2018},
publisher = siam
}

@article{saad-1981,
  title   = {Krylov subspace methods for solving large unsymmetric linear systems},
  author  = {Saad, Yousef},
  journal = mc,
  volume  = {37},
  number  = {155},
  pages   = {105--126},
  doi     = {10.1090/S0025-5718-1981-0616364-6},
  year    = {1981}
}

@article{saad-schultz-1986,
  title     = {{GMRES}: A generalized minimal residual algorithm for solving nonsymmetric linear systems},
  author    = {Saad, Youcef and Schultz, Martin H},
  journal   = sissc,
  volume    = {7},
  number    = {3},
  pages     = {856--869},
  year      = {1986},
  doi       = {10.1137/0907058},
  publisher = siam
}

@article{buttari-orban-ruiz-titley_peloquin-2019,
  author    = {A. Buttari and D. Orban and D. Ruiz and D. Titley-Peloquin},
  title     = {{USYMLQR}: A tridiagonalization method for symmetric saddle-point systems},
  year      = {2019},
  journal   = sisc,
  volume    = {41},
  number    = {5},
  pages     = {409--432},
  doi       = {10.1137/18M1194900},
  publisher = siam
}

@article{montoison-orban-2021,
  title     = {{TriCG} and {TriMR}: Two Iterative Methods for Symmetric Quasi-definite Systems},
  author    = {Montoison, Alexis and Orban, Dominique},
  journal   = sisc,
  volume    = {43},
  number    = {4},
  pages     = {2502--2525},
  year      = {2021},
  doi       = {10.1137/20M1363030},
  publisher = siam
}

@book{golub_vanloan-1996,
  title     = {Matrix Computations},
  author    = {Golub, Gene H. and Van Loan, Charles F.},
  publisher = {The Johns Hopkins University Press},
  year      = {1996},
  edition   = {Third}
}

@article{bezanson-edelman-karpinski-shah-2017,
  author  = {Bezanson, Jeff and Edelman, Alan and Karpinski, Stefan and Shah, Viral B.},
  title   = {Julia: A Fresh Approach to Numerical Computing},
  journal = sirev,
  volume  = {59},
  number  = {1},
  pages   = {65--98},
  year    = {2017},
  doi     = {10.1137/141000671},
}

@article{greif-wathen-2019,
  title    = {Conjugate gradient for nonsingular saddle-point systems with a maximally rank-deficient leading block},
  journal  = jcam,
  volume   = {358},
  pages    = {1--11},
  year     = {2019},
  doi      = {https://doi.org/10.1016/j.cam.2019.02.016},
  author   = {Chen Greif and Michael Wathen},
  keywords = {Saddle-point linear systems, Null-space, Preconditioners, Conjugate gradient},
  abstract = {We consider iterative solvers for large, sparse, symmetric linear systems with a saddle-point structure. Since such systems are indefinite, the conjugate gradient (CG) method is not naturally designed for solving them. However, in the case of a maximally rank-deficient leading block, we prove that there are two sufficient conditions that allow for CG to be used. We show that the conditions are satisfied for a model time-harmonic Maxwell problem. To support our analysis, we present several numerical experiments for three-dimensional problems on complicated computational domains with constant and variable coefficients.}
}

@book{elman-silvester-wathen-2014,
  title     = {Finite elements and fast iterative solvers: with applications in incompressible fluid dynamics},
  author    = {H. C. Elman and D. J. Silvester and A. J. Wathen},
  year      = {2014},
  doi       = {10.1093/acprof:oso/9780199678792.001.0001},
  publisher = oup
}

@Misc{montoison-orban-krylov-2020,
  author       = {A. Montoison and D. Orban and {contributors}},
  title        = {{Krylov.jl}: A {J}ulia Basket of Hand-Picked {K}rylov Methods},
  month        = {June},
  howpublished = {\url{https://github.com/JuliaSmoothOptimizers/Krylov.jl}},
  year         = {2020},
  doi          = {10.5281/zenodo.822073},
}

@book{orban-arioli-2017,
  author     = {Orban, D. and Arioli, M.},
  title      = {Iterative Solution of Symmetric Quasi-Definite Linear Systems},
  publisher  = siam,
  year       = {2017},
  optkey     = {},
  volume     = {3},
  optnumber  = {},
  series     = {Spotlights},
  optaddress = siam-address,
  optedition = {},
  doi        = {10.1137/1.9781611974737}
}


@article{paige-1974,
  title     = {Bidiagonalization of matrices and solution of linear equations},
  author    = {C. C. Paige},
  journal   = sinum,
  volume    = {11},
  number    = {1},
  pages     = {197--209},
  year      = {1974},
  doi       = {10.1137/0711019},
  publisher = siam
}

@article{saunders-simon-yip-1988,
  author    = {M. A. Saunders and H. D. Simon and E. L. Yip},
  title     = {Two Conjugate-Gradient-Type Methods for Unsymmetric Linear Equations},
  journal   = sinum,
  volume    = {25},
  number    = {4},
  pages     = {927-940},
  year      = {1988},
  doi       = {10.1137/0725052},
  publisher = siam
}

@article{golub-kahan-1965,
 author    = {G. H. Golub and W. Kahan},
 title     = {Calculating the Singular Values and Pseudo-Inverse of a Matrix},
 journal   = sinum,
 year      = {1965},
 volume    = {2},
 number    = {2},
 pages     = {205--224},
 doi       = {10.1137/0702016},
 publisher = siam
}

@article{davis-hu-2011,
  title     = {The {U}niversity of {F}lorida sparse matrix collection},
  author    = {T. Davis and Y. Hu},
  journal   = toms,
  volume    = {38},
  number    = {1},
  pages     = {1--25},
  year      = {2011},
  publisher = {ACM},
  doi       = {10.1145/2049662.2049663}
}

@article{friedlander-orban-2012,
  author  = {Friedlander, M. P. and Orban, D.},
  journal = mpc,
  grant   = {NSERC 299010-04},
  number  = {1},
  pages   = {71--107},
  title   = {A Primal-Dual Regularized Interior-Point Method for Convex Quadratic Programs},
  volume  = {4},
  year    = {2012},
  doi     = {10.1007/s12532-012-0035-2},
  gerad   = {G-2010-47}
}

@article{greif-moulding-orban-2014,
  author  = {Greif, C. and E. Moulding and Orban, D.},
  title   = {Bounds on the Eigenvalues of Matrices Arising from Interior-Point Methods},
  journal = siopt,
  year    = {2014},
  volume  = {24},
  number  = {1},
  pages   = {49--83},
  doi     = {10.1137/120890600},
  grant   = {NSERC 299010-04},
  gerad   = {G-2012-42}
}

@techreport{orban-2015b,
  author      = {Orban, D.},
  title       = {A Collection of Linear Systems Arising from Interior-Point Methods for Quadratic Optimization},
  institution = {GERAD},
  year        = {2015},
  optkey      = {},
  type        = {Cahier du GERAD},
  number      = {G-2015-117},
  address     = {Montr\'eal, QC, Canada},
  grant       = {NSERC 299010-04},
  gerad       = {G-2015-117},
  preprint    = {https://www.gerad.ca/en/papers/G-2015-117/view}
}
